
@article{bhat2000,
    Author = {Bhat, Sanjay P and Bernstein, Dennis S},
    Journal = {Systems \& Control Letters},
    Title = {A topological obstruction to continuous global stabilization of rotational motion and the unwinding phenomenon},
    Year = {2000}}

@article{chaturvedi2011a,
    Author = {Chaturvedi, Nalin and Sanyal, Amit K and McClamroch, N Harris and others},
    Journal = {Control Systems, IEEE},
    Number = {3},
    Pages = {30--51},
    Title = {Rigid-body attitude control},
    Volume = {31},
    Year = {2011}}

@article{hablani1999,
    Author = {Hablani, Hari B.},
    Journal = {Journal of Guidance, Control, and Dynamics},
    Month = {2015/09/19},
    Number = {6},
    Pages = {759--767},
    Title = {Attitude Commands Avoiding Bright Objects and Maintaining Communication with Ground Station},
    Volume = {22},
    Year = {1999}}

@article{lee2010,
    Author = {Lee, Taeyoung and Leoky, M and McClamroch, NH},
    Journal = {\ldots Control (CDC), 2010 49th \ldots},
    Number = {3},
    Pages = {5420--5425},
    Title = {{Geometric tracking control of a quadrotor UAV on SE (3)}},
    Year = {2010}}

@article{lee2011a,
    Author = {Lee, Taeyoung},
    Journal = {arXiv preprint arXiv:1108.6031},
    Title = {Robust adaptive geometric tracking controls on SO (3) with an application to the attitude dynamics of a quadrotor UAV},
    Year = {2011}}

@article{lee2013b,
    Author = {T. Lee},
    Journal = {IEEE Transactions on Control Systems Technology},
    Month = {September},
    Number = {5},
    Pages = {1924--1930},
    Title = {Robust adaptive tracking on {$\SO$} with an application to the attitude dynamics of a quadrotor {UAV}},
    Volume = {21},
    Year = {2013}}

@article{mcinnes1994,
    Author = {McInnes, Colin R.},
    Journal = {Journal of Guidance, Control, and Dynamics},
    Month = {2015/07/10},
    Number = {4},
    Pages = {875--877},
    Title = {Large angle slew maneuvers with autonomous sun vector avoidance},
    Volume = {17},
    Year = {1994}}

@article{shuster1993,
    Author = {Shuster, Malcolm D},
    Journal = {Navigation},
    Number = {9},
    Title = {A survey of attitude representations},
    Volume = {8},
    Year = {1993}}

@book{bullo2004,
    Address = {New York-Heidelberg-Berlin},
    Author = {Francesco Bullo and Andrew D. Lewis},
    Publisher = {Springer Verlag},
    Series = {Texts in Applied Mathematics},
    Title = {Geometric Control of Mechanical Systems},
    Volume = 49,
    Year = 2004}

@book{hughes2004,
    Author = {Hughes, P.C.},
    Publisher = {Dover Publications},
    Title = {{Spacecraft Attitude Dynamics}},
    Year = {2004}}

@book{khalil1996,
    Author = {Khalil, Hassan K},
    Edition = {3},
    Publisher = {Prentice Hall New Jersey},
    Title = {Nonlinear Systems},
    Year = {2002}}

@book{wertz1978,
    Author = {Wertz, James R},
    Publisher = {Springer},
    Title = {Spacecraft Attitude Determination and Control},
    Volume = {73},
    Year = {1978}}

@inproceedings{frazzoli2001,
    Author = {Frazzoli, E and Dahleh, MA and Feron, E and Kornfeld, R},
    Booktitle = {AIAA Guidance, Navigation, and Control Conference and Exhibit, Montreal, Canada},
    Title = {A randomized attitude slew planning algorithm for autonomous spacecraft},
    Year = {2001}}

@inproceedings{kaufman2014,
    Author = {E. Kaufman and K. Caldwell and D. Lee and T. Lee},
    Booktitle = {Proceedings of the IEEE Aerospace Conference},
    Title = {Design and Development of a Free-Floating Hexrotor {UAV} for 6-DOF Maneuvers},
    Year = {2014}}

@inproceedings{lee2011b,
    Author = {Lee, Unsik and Mesbahi, Mehran},
    Booktitle = {Proceedings of the American Control Conference},
    Pages = {{450-455}},
    Title = {{Spacecraft Reorientation in Presence of Attitude Constraints via Logarithmic Barrier Potentials}},
    Year = {2011}}

@inproceedings{sanyal2008,
    Author = {Sanyal, Amit K and Chaturvedi, Nalin A},
    Booktitle = {AIAA Guidance, Navigation and Control Conference, Honolulu, HI, pp. AIAA--2008--6979},
    Title = {Almost global robust attitude tracking control of spacecraft in gravity},
    Year = {2008}}
